@article {fedarko2020,
    author = {Fedarko, Marcus W and Martino, Cameron and Morton, James T and González, Antonio and Rahman, Gibraan and Marotz, Clarisse A and Minich, Jeremiah J and Allen, Eric E and Knight, Rob},
    title = "{Visualizing ’omic feature rankings and log-ratios using Qurro}",
    journal = {NAR Genomics and Bioinformatics},
    volume = {2},
    number = {2},
    year = {2020},
    month = {04},
    issn = {2631-9268},
    doi = {10.1093/nargab/lqaa023},
    url = {https://doi.org/10.1093/nargab/lqaa023},
    note = {lqaa023},
    eprint = {https://academic.oup.com/nargab/article-pdf/2/2/lqaa023/33137933/lqaa023.pdf},
}
